@inproceedings{Bitar2014,
  title={Efficient and programmable {Ethernet} switching with a {NoC}-enhanced {FPGA}},
  author={Bitar, Andrew and Cassidy, Jeffrey and Enright Jerger, Natalie and Betz, Vaughn},
  booktitle={ANCS},
  month={October},
  year={2014},
  organization={IEEE}
}

@article{minkenberg2000combined,
  title={A combined input and output queued packet switched system based on {PRIZMA} switch on a chip technology},
  author={Minkenberg, Cyriel and Engbersen, Ton},
  journal={Communications Magazine},
  volume={38},
  number={12},
  pages={70--77},
  year={2000},
  publisher={IEEE}
}

@article{elhanany2005network,
  title={The network processing forum switch fabric benchmark specifications: An overview},
  author={Elhanany, Itamar and Chiou, Derek and Tabatabaee, Vahid and Noro, Raffaele and Poursepanj, Ali},
  journal={Network, IEEE},
  volume={19},
  number={2},
  pages={5--9},
  year={2005},
  publisher={IEEE}
}

@inproceedings{dai-zhu,
author = {Dai, Zefu and Zhu, Jianwen},
booktitle = {FPGA},
pages = {67--75},
title = {Saturating the Transceiver Bandwidth : Switch Fabric Design on {FPGAs}},
year = {2012}
}