@article{nunes2014survey,
  title={A survey of software-defined networking: Past, present, and future of programmable networks},
  author={Nunes, Bruno and Mendonca, Manoel and Nguyen, Xuan-Nam and Obraczka, Katia and Turletti, Thierry and others},
  journal={Communications Surveys \& Tutorials},
  volume={16},
  number={3},
  pages={1617--1634},
  year={2014},
  publisher={IEEE}
}

@article{mckeown2008openflow,
  title={OpenFlow: enabling innovation in campus networks},
  author={McKeown, Nick and Anderson, Tom and Balakrishnan, Hari and Parulkar, Guru and Peterson, Larry and Rexford, Jennifer and Shenker, Scott and Turner, Jonathan},
  journal={SIGCOMM},
  volume={38},
  number={2},
  pages={69--74},
  year={2008},
  publisher={ACM}
}

@article{kuon2007measuring,
  title={Measuring the gap between {FPGAs} and {ASICs}},
  author={Kuon, Ian and Rose, Jonathan},
  journal={TCAD},
  volume={26},
  number={2},
  pages={203--215},
  year={2007},
  publisher={IEEE}
}

@inproceedings{abdelfattah2015take,
  author={blinded}
}

@inproceedings{bitar2014efficient,
  author={blinded}
}

@inproceedings{gibb2013design,
  title={Design principles for packet parsers},
  author={Gibb, Glen and Varghese, George and Horowitz, Mark and McKeown, Nick},
  booktitle={ANCS},
  pages={13--24},
  year={2013},
  organization={IEEE}
}

@inproceedings{bosshart2013forwarding,
  title={Forwarding metamorphosis: Fast programmable match-action processing in hardware for {SDN}},
  author={Bosshart, Pat and Gibb, Glen and Kim, Hun-Seok and Varghese, George and McKeown, Nick and Izzard, Martin and Mujica, Fernando and Horowitz, Mark},
  booktitle={SIGCOMM},
  volume={43},
  number={4},
  pages={99--110},
  year={2013},
  organization={ACM}
}

@inproceedings{attig2011400,
  title={400 Gb/s programmable packet parsing on a single {FPGA}},
  author={Attig, Michael and Brebner, Gordon},
  booktitle={ANCS},
  pages={12--23},
  year={2011},
  organization={IEEE Computer Society}
}

@misc{xilds,
author = {{Xilinx Inc.}},
title = {{Xilinx Virtex Family Datasheets}},
url = {www.xilinx.com},
urldate = {May 7, 2014}
}

@misc{opennet,
author = {{Open Network Foundation}},
title = {{OpenFlow Switch Specification}},
version = {Version 1.4.0}
}

@inproceedings{naous2008implementing,
  title={Implementing an {OpenFlow} switch on the {NetFPGA} platform},
  author={Naous, Jad and Erickson, David and Covington, G Adam and Appenzeller, Guido and McKeown, Nick},
  booktitle={ANCS},
  pages={1--9},
  year={2008},
  organization={ACM}
}

@inproceedings{fpl15demo,
  title={Design and Simulation Tools for Embedded NoCs on FPGAs},
  author={Abdelfattah, Mohamed S and Bitar, Andrew and Yaghi, Ange and Betz, Vaughn},
  booktitle={FPL},
  year={2015},
  organization={IEEE}
}


@INPROCEEDINGS{fpt,
	AUTHOR = "Mohamed S. Abdelfattah and Vaughn Betz",
	TITLE = {{Design Tradeoffs for Hard and Soft FPGA-based Networks-on-Chip}},
	BOOKTITLE = "FPT",
	PAGES = "95--103",
	YEAR = {2012}	}
	
@INPROCEEDINGS{fpl,
	AUTHOR = "Mohamed S. Abdelfattah and Vaughn Betz",
	TITLE = {{The Power of Communication: Energy-Efficient NoCs for FPGAs}},
	BOOKTITLE = "FPL",
	PAGES = "1--8",
	YEAR = {2013}	}

@ARTICLE{trets,
	AUTHOR = "Mohamed S. Abdelfattah and Vaughn Betz",
	TITLE = {{Networks-on-Chip for FPGAs: Hard, Soft or Mixed?}},
	JOURNAL = "TRETS",
	VOLUME = {7},
	NUMBER = {3},
	pages = {20:1--20:22},
	YEAR = {2014}	}
	
@ARTICLE{micro,
	AUTHOR = "Mohamed S. Abdelfattah and Vaughn Betz",
	TITLE = {{The Case for Embedded Networks-on-Chip on Field-Programmable Gate Arrays}},
	JOURNAL = "IEEE Micro",
	VOLUME = {34},
	NUMBER = {1},
	PAGES = {80--89},
	YEAR = {2014}	}
    
@ARTICLE{tvlsi,
	AUTHOR = "Mohamed S. Abdelfattah and Vaughn Betz",
	TITLE = {{Power Analysis of Embedded NoCs on FPGAs and comparison With Custom Buses}},
	JOURNAL = "IEEE TVLSI",
	YEAR = {2015}	}
    
    
@ONLINE{altera_voip,
title = {{Video Over IP Reference Design}},
url = {www.altera.com}
}

@ONLINE{google_ipv6,
title = {{Google IPv6 Connecitivity Statistics}},
url = {https://www.google.ca/intl/en/ipv6/statistics.html}
}

@inproceedings{coenen2006buffer,
  title={A buffer-sizing algorithm for networks on chip using {TDMA} and credit-based end-to-end flow control},
  author={Coenen, Martijn and Murali, Srinivasan and Ruadulescu, Andrei and Goossens, Kees and De Micheli, Giovanni},
  booktitle={CODES},
  pages={130--135},
  year={2006},
  organization={ACM}
}

@misc{noc-designer,
author = {Abdelfattah, Mohamed S},
title = {{{NoC} Designer}},
urldate = {May 7, 2014},
year = {2013},
url = {http://www.eecg.utoronto.ca/~mohamed/noc_designer.html}
}

@inproceedings{zhou2015packet,
  title={Large-scale packet classification on {FPGA}},
  author={Zhou, Shijie and Qu, Yun R. and Prasanna, Viktor K.},
  booktitle={ASAP},
  year={2015},
  organization={IEEE}
}

@inproceedings{byma2014fpgas,
  title={{FPGAs} in the cloud: Booting virtualized hardware accelerators with openstack},
  author={Byma, Stuart and Steffan, J Gregory and Bannazadeh, Hadi and Garcia, Alberto Leon and Chow, Paul},
  booktitle={FCCM},
  pages={109--116},
  year={2014},
  organization={IEEE}
}

@article{kao2005benefits,
  title={Benefits of partial reconfiguration},
  author={Kao, Cindy},
  journal={Xcell journal},
  volume={55},
  pages={65--67},
  year={2005}
}

@inproceedings{muhlbach2010malcobox,
  title={Malcobox: Designing a 10 gb/s malware collection honeypot using reconfigurable technology},
  author={M{\"u}hlbach, Sascha and Brunner, Martin and Roblee, Christopher and Koch, Andreas},
  booktitle={FPL},
  pages={592--595},
  year={2010},
  organization={IEEE}
}